@book{boas2006mathematical,
  title={Mathematical methods in the physical sciences},
  author={Boas, Mary L.},
  year={2006},
  publisher={John Wiley \& Sons}
}

@article{lustri2018nanoptera,
  title={Nanoptera in a period-2 {T}oda chain},
  author={Lustri, C. J. and Porter, M. A.},
  journal={SIAM Journal on Applied Dynamical Systems},
  volume={17},
  number={2},
  pages={1182--1212},
  year={2018}
}

@Manual{mpcmp,
    title = {mpcmp: Mean-parametrized Conway-Maxwell Poisson Regression},
    author = {Fung, T. and Alwan, A. and Wishart, J. and Huang, A.},
    year = {2020},
    note = {R package version 0.3.6.9000.},
    url = {URL: https://CRAN.R-project.org/package=mpcmp},
  }
  