@article{grilo2021towards,
  title={Towards Formal Verification of Password Generation Algorithms used in Password Managers},
  author={Grilo, Miguel and Ferreira, Jo{\~a}o F and Almeida, Jos{\'e} Bacelar},
  journal={arXiv preprint arXiv:2106.03626},
  year={2021}
}

@inproceedings{suo2005graphical,
  title={Graphical passwords: A survey},
  author={Suo, Xiaoyuan and Zhu, Ying and Owen, G Scott},
  booktitle={21st Annual Computer Security Applications Conference (ACSAC'05)},
  pages={10--pp},
  year={2005},
  organization={IEEE}
}

@Manual{tidyTuesday,
  title = {tidytuesdayR: Access the Weekly 'TidyTuesday' Project Dataset},
  author = {Ellis Hughes},
  year = {2020},
  note = {R package version 1.0.1},
  url = {https://CRAN.R-project.org/package=tidytuesdayR},
}

